%% This BibTeX bibliography file was created using BibDesk.
%% http://bibdesk.sourceforge.net/


%% Created for Kevin Jin at 2015-03-14 13:15:53 -0500 


%% Saved with string encoding Unicode (UTF-8) 

phdthesis{heller2013reproducible,
	Author = {Heller, Brandon},
	School = {Stanford University},
	Title = {Reproducible Network Research with High-fidelity Emulation},
	Year = {2013},
	note = {Available at \url{yuba.stanford.edu/~nickm/papers/brandon-thesis.pdf}}
}

@misc{OpenVZ,
	howpublished = {\url{http://openvz.org/Main_Page}},
	title = {Open{VZ} Linux Container},
	note = "[Last accessed October 2014]"
}

@inproceedings{zec2004operating,
	Author = {Zec, Marko and Mikuc, Miljenko},
	Booktitle = {Proceedings of the 1st Workshop on Operating System and Architectural Support for the on demand IT InfraStructure (OASIS)},
	Pages = {3--12},
	Title = {Operating system support for integrated network emulation in imunes},
	Year = {2004},
	month = {August},
	address = {Boston, MA},
}

@conference{hibler2008large,
	Author = {Hibler, Mike and Ricci, Robert and Stoller, Leigh and Duerig, Jonathon and Guruprasad, Shashi and Stack, Tim and Webb, Kirk and Lepreau, Jay},
	Booktitle = {Proceedings of the 2008 USENIX Annual Technical Conference},
	Pages = {113--128},
	Title = {Large-scale Virtualization in the Emulab Network Testbed},
	Year = {2008}, 
	month = {June},
	address = {Boston, MA},
}
USENIX 2008 Annual Technical Conference, p.113-128, June 22-27, 2008, Boston, Massachusetts

@inproceedings{SliceTime,
	Author = {Weing{\"a}rtner, Elias and Schmidt, Florian and Vom Lehn, Hendrik and Heer, Tobias and Wehrle, Klaus},
	Booktitle = {Proceedings of the 8th USENIX conference on Network System Design and Implementation (NSDI)},
	Title = {SliceTime: A Platform for Scalable and Accurate Network Emulation},
	Year = {2011},
	month = {March},
	address = {Boston, MA},
}

@misc{Mininet,
	howpublished = {\url{http://mininet.org/}},
	title = {Mininet: {A}n instant virtual network on your laptop (or other {PC})},
  	note = "[Last accessed Noverber, 2014]"
}

@article{EstiNet,
	Author = {Wang, Shie-Yuan and Chou, Chih-Liang and Yang, Chun-Ming},
	Journal = {Communications Magazine, IEEE},
	Number = {9},
	Pages = {110--117},
	Publisher = {IEEE},
	Title = {EstiNet OpenFlow network simulator and emulator},
	Volume = {51},
	Year = {2013}
}

@inproceedings{jin2013parallel,
	title={Parallel simulation of software defined networks},
	author={Jin, Dong and Nicol, David M},
	booktitle={Proceedings of the 2013 ACM SIGSIM conference on Principles of advanced discrete simulation (PADS)},
	pages={91--102},
	year={2013},
	month = "May",
	organization={ACM},
	address = "Montreal, Canada"
}

@misc{S3F_website,
	Howpublished = {\url{https://s3f.iti.illinois.edu/}},
	Title = {{S3F/S3FNet: S}impler Scalable Simulation Framework. {University of Illinois at Urbana-Champaign}},
	note = "[Last accessed Noverber 2014]"
}

@inproceedings{jin2012virtual,
  title={Virtual time integration of emulation and parallel simulation},
  author={Jin, Dong and Zheng, Yuhao and Zhu, Huaiyu and Nicol, David M and Winterrowd, Lenhard},
  booktitle={Proceedings of the 2012 ACM/IEEE/SCS 26th Workshop on Principles of Advanced and Distributed Simulation},
  pages={201--210},
  year={2012},
  organization={IEEE Computer Society},
  address = {Zhangjiajie, China},
  month = {July},
}

@inproceedings{LaptopSDN,
	author = {Lantz, Bob and Heller, Brandon and McKeown, Nick},
	title = {A Network in a Laptop: Rapid Prototyping for Software-defined Networks},
	booktitle = {Proceedings of the 9th ACM SIGCOMM Workshop on Hot Topics in Networks},
	year = {2010},
	isbn = {978-1-4503-0409-2},
	location = {Monterey, California},
	pages = {19:1--19:6},
	articleno = {19},
	numpages = {6},
	url = {http://doi.acm.org/10.1145/1868447.1868466},
	doi = {10.1145/1868447.1868466},
	acmid = {1868466},
	address = {New York, NY, USA},
	keywords = {emulation, open-flow, rapid prototyping, software defined networking, virtualization}
}

@inproceedings{ReproNetExprCBE,
	author = {Handigol, Nikhil and Heller, Brandon and Jeyakumar, Vimalkumar and Lantz, Bob and McKeown, Nick},
	title = {Reproducible Network Experiments Using Container-based Emulation},
	booktitle = {Proceedings of the 8th International Conference on Emerging Networking Experiments and Technologies},
	series = {CoNEXT '12},
	year = {2012},
	isbn = {978-1-4503-1775-7},
	location = {Nice, France},
	pages = {253--264},
	numpages = {12},
	url = {http://doi.acm.org/10.1145/2413176.2413206},
	doi = {10.1145/2413176.2413206},
	acmid = {2413206},
	address = {New York, NY, USA},
	keywords = {container-based emulation, reproducible research}
} 

@inproceedings{Frenetic,
	author = {Foster, Nate and Harrison, Rob and Freedman, Michael J. and Monsanto, Christopher and Rexford, Jennifer and Story, Alec and Walker, David},
	title = {Frenetic: A Network Programming Language},
	booktitle = {Proceedings of the 16th ACM SIGPLAN ICFP},
	year = {2011},
	isbn = {978-1-4503-0865-6},
	location = {Tokyo, Japan},
	pages = {279--291},
	numpages = {13},
	url = {http://doi.acm.org/10.1145/2034773.2034812},
	doi = {10.1145/2034773.2034812},
	acmid = {2034812},
	address = {New York, NY, USA},
	keywords = {domain-specific languages, functional reactive programming, network programming languages, openflow},
}

@inproceedings{AbsNetUpd,
	author = {Reitblatt, Mark and Foster, Nate and Rexford, Jennifer and Schlesinger, Cole and Walker, David},
	title = {Abstractions for Network Update},
	booktitle = {Proceedings of the ACM SIGCOMM 2012 Conference on Applications, Technologies, Architectures, and Protocols for Computer Communication},
	series = {SIGCOMM '12},
	year = {2012},
	isbn = {978-1-4503-1419-0},
	location = {Helsinki, Finland},
	pages = {323--334},
	numpages = {12},
	url = {http://doi.acm.org/10.1145/2342356.2342427},
	doi = {10.1145/2342356.2342427},
	acmid = {2342427},
	address = {New York, NY, USA},
	keywords = {consistency, frenetic, network programming languages, openflow, planned change, software-defined networking},
}

@inproceedings{LivMigEntNet,
	Author = {Keller, Eric and Ghorbani, Soudeh and Caesar, Matt and Rexford, Jennifer},
	Booktitle = {Proceedings of the 11th ACM Workshop on Hot Topics in Networks},
	Pages = {109--114},
	Title = {Live migration of an entire network (and its hosts)},
	Year = {2012}
}

@article{Openflow,
	Author = {McKeown, Nick and Anderson, Tom and Balakrishnan, Hari and Parulkar, Guru and Peterson, Larry and Rexford, Jennifer and Shenker, Scott and Turner, Jonathan},
	Journal = {ACM SIGCOMM Computer Communication Review},
	Number = {2},
	Pages = {69--74},
	Publisher = {ACM},
	Title = {OpenFlow: enabling innovation in campus networks},
	Volume = {38},
	Year = {2008}
}

@article{Nox,
	Author = {Gude, Natasha and Koponen, Teemu and Pettit, Justin and Pfaff, Ben and Casado, Mart{\'\i}n and McKeown, Nick and Shenker, Scott},
	Journal = {ACM SIGCOMM Computer Communication Review},
	Number = {3},
	Pages = {105--110},
	Publisher = {ACM},
	Title = {NOX: towards an operating system for networks},
	Volume = {38},
	Year = {2008}
}

@inproceedings{Emulab,
	Author = {Hibler, Mike and Ricci, Robert and Stoller, Leigh and Duerig, Jonathon and Guruprasad, Shashi and Stack, Tim and Webb, Kirk and Lepreau, Jay},
	Booktitle = {USENIX Annual Technical Conference},
	Pages = {113--128},
	Title = {Large-scale Virtualization in the Emulab Network Testbed.},
	Year = {2008}
}

@inproceedings{VINI,
	author = {Bavier, Andy and Feamster, Nick and Huang, Mark and Peterson, Larry and Rexford, Jennifer},
	title = {In VINI Veritas: Realistic and Controlled Network Experimentation},
	booktitle = {Proceedings of the 2006 Conference on Applications, Technologies, Architectures, and Protocols for Computer Communications},
	series = {SIGCOMM '06},
	year = {2006},
	isbn = {1-59593-308-5},
	location = {Pisa, Italy},
	pages = {3--14},
	numpages = {12},
	url = {http://doi.acm.org/10.1145/1159913.1159916},
	doi = {10.1145/1159913.1159916},
	acmid = {1159916},
	publisher = {ACM},
	address = {New York, NY, USA},
	keywords = {architecture, experimentation, internet, routing, virtualization},
}

@inproceedings{Hedera,
	Author = {Al-Fares, Mohammad and Radhakrishnan, Sivasankar and Raghavan, Barath and Huang, Nelson and Vahdat, Amin},
	Booktitle = {Proceedings of NSDI 2010},
	Title = {Hedera: Dynamic Flow Scheduling for Data Center Networks.},
	Volume = {10},
	Year = {2010},
	location = {San Jose, CA}
}

@article{DCTCP,
	Author = {Alizadeh, Mohammad and Greenberg, Albert and Maltz, David A and Padhye, Jitendra and Patel, Parveen and Prabhakar, Balaji and Sengupta, Sudipta and Sridharan, Murari},
	Journal = {ACM SIGCOMM computer communication review},
	Number = {4},
	Pages = {63--74},
	Publisher = {ACM},
	Title = {Data Center Tcp (DCTCP)},
	Volume = {41},
	Year = {2011}
}

@misc{LXC,
	Howpublished = {\url{https://linuxcontainers.org}},
	Title = {Linux containers},
	note = "[Last accessed December 2014]"
}

@misc{CGroups,
	Howpublished = {\url{https://www.kernel.org/doc/Documentation/cgroups}},
	Title = {CGROUPS},
	note = "[Last accessed December 2014]"
}

@misc{OpenvSwitch,
	Howpublished = {\url{http://openvswitch.org}},
	Title = {Open v{S}witch},
	note = "[Last accessed Noverber 2014]"
}

@misc{VDSO,
	Howpublished = {\url{http://lwn.net/Articles/446528/}},
	Title = {On vsyscalls and the v{DSO}},
	note = "[Last accessed March 2015]"
}

@article{NS-3,
  title={Network simulations with the ns-3 simulator},
  author={Henderson, Thomas R and Lacage, Mathieu and Riley, George F and Dowell, C and Kopena, JB},
  journal={SIGCOMM Demonstration},
  volume={15},
  pages={17},
  year={2008}
}

@misc{NS-2,
	Howpublished = {\url{http://www.isi.edu/nsnam/ns/}},
	Title = {The {N}etwork {S}imulator - ns-2},
	note = "[Last accessed December 2014]"
}

@misc{PlanetLab,
	Howpublished = {\url{https://www.planet-lab.org/}},
	Title = {PlanetLab: {A}n open platform for developing, deploying and accessing planetary-scale service},
	note = "[Last accessed September 2014]"
}

@misc{ECMP,
	Howpublished = {\url{https://tools.ietf.org/html/rfc2991}},
	Title = {Multipath Issues in Unicast and Multicast Next-Hop Selection},
	note = "[Last accessed March 2015]"
}

@misc{MininetLinkNS3,
	Howpublished = {\url{https://github.com/mininet/mininet/wiki}},
	Title = {Link modeling using ns 3},
	note = "[Last accessed April 2015]"
}

@misc{RipLPox,
	Howpublished = {\url{https://github.com/brandonheller/riplpox}},
	Title = {{RipL-POX (Ripcord-Lite for POX): a simple network controller for OpenFlow-based data centers}},
	note = "[Last accessed March 2015]"
}

@inproceedings{CORE,
	Author = {Ahrenholz, J. and Danilov, C. and Henderson, T.R. and Kim, J.H.},
	Booktitle = {Proceedings of the Military Communications Conference, 2008. MILCOM 2008. IEEE},
	Doi = {10.1109/MILCOM.2008.4753614},
	Keywords = {digital simulation;public domain software;radio networks;CORE;FreeBSD network stack virtualization;audio streams;common open research emulator;hybrid wired-wireless scenario;network topologies;real-time network emulator;video streams;Computer networks;Emulation;Hardware;Kernel;Linux;Network servers;Network topology;Operating systems;Personal communication networks;Wireless networks;MANET;Network emulation;routing;virtualization;wireless},
	Month = {Nov},
	Pages = {1-7},
	Title = {CORE: A real-time network emulator},
	Year = {2008},
}

@inproceedings{S3F,
	Author = {Nicol, David M and Jin, Dong and Zheng, Yuhao},
	Booktitle = {Proceedings of the Winter Simulation Conference},
	Organization = {Winter Simulation Conference},
	Pages = {3288--3299},
	Title = {S3f: The scalable simulation framework revisited},
	Year = {2011}
}

@inproceedings{VirtTimeOpenVZ,
	Author = {Zheng, Yuhao and Nicol, David M},
	Booktitle = {Proceedings of the IEEE Workshop on PADS},
	Pages = {1--10},
	Title = {A virtual time system for openvz-based network emulations},
	Year = {2011}
}

@inproceedings{TimeKeeper,
	Author = {Lamps, Jereme and Nicol, David M and Caesar, Matthew},
	Booktitle = {Proceedings of the 2nd ACM SIGSIM PADS},
	Pages = {179--186},
	Title = {TimeKeeper: a lightweight virtual time system for linux},
	Year = {2014}
}

@misc{Xen,
	Howpublished = {\url{http://www.xenproject.org}},
	Title = {The {X}en Project},
	note = "[Last accessed Noverber 2014]"
}

@misc{FreeBSDJails,
	Howpublished = {\url{http://www.freebsddiary.org/jail-6.php}},
	Title = {Jails under {FreeBSD 6}},
	note = "[Last accessed December 2014]"
}

@misc{iperf3,
	Howpublished = {\url{http://software.es.net/iperf}},
	Title = {iperf3},
	note = "[Last accessed December 2014]"
}

@misc{LinuxNamespace,
	Howpublished = {\url{http://lwn.net/Articles/531114}},
	Title = {Namespaces in operation, part 1: namespaces overview},
	note = "[Last accessed December 2014]"
}

@misc{ReproNetReserch,
	Howpublished = {\url{https://reproducingnetworkresearch.wordpress.com}},
	Title = {Reproducing network research},
	note = "[Last accessed March 2015]"
}

@article{DieCast,
	Acmid = {1963560},
	Address = {New York, NY, USA},
	Articleno = {4},
	Author = {Gupta, Diwaker and Vishwanath, Kashi Venkatesh and McNett, Marvin and Vahdat, Amin and Yocum, Ken and Snoeren, Alex and Voelker, Geoffrey M.},
	Doi = {10.1145/1963559.1963560},
	Issn = {0734-2071},
	Issue_Date = {May 2011},
	Journal = {ACM Transaction on Computer Systems},
	Keywords = {Virtualization, Xen, network emulation},
	Month = may,
	Number = {2},
	Numpages = {48},
	Pages = {4:1--4:48},
	Publisher = {ACM},
	Title = {DieCast: Testing Distributed Systems with an Accurate Scale Model},
	Url = {http://doi.acm.org/10.1145/1963559.1963560},
	Volume = {29},
	Year = {2011},
}

@inproceedings{ToInfinityBeyond,
	Acmid = {1118605},
	Address = {New York, NY, USA},
	Author = {Gupta, Diwaker and Yocum, Kenneth and McNett, Marvin and Snoeren, Alex C. and Vahdat, Amin and Voelker, Geoffrey M.},
	Booktitle = {Proceedings of the 20th ACM Symposium on Operating Systems Principles},
	Doi = {10.1145/1095810.1118605},
	Isbn = {1-59593-079-5},
	Location = {Brighton, United Kingdom},
	Numpages = {2},
	Pages = {1--2},
	Series = {SOSP '05},
	Title = {To infinity and beyond: time warped network emulation},
	Url = {http://doi.acm.org/10.1145/1095810.1118605},
	Year = {2005},
}

@INPROCEEDINGS{TimeJails, 
	author={Grau, A. and Maier, S. and Herrmann, K. and Rothermel, K.}, 
	booktitle={Proceedings of the 22nd Workshop on the PADS}, 
	title={Time jails: {A} hybrid approach to scalable network emulation}, 
	year={2008}, 
	month={June}, 
	pages={7-14}, 
	keywords={virtual machines;distributed software performance evaluation;network emulation;network protocol;node virtualization;peer-to-peer system;time virtualized emulation environment;Communication system software;Emulation;Hardware;Large-scale systems;Peer to peer computing;Protocols;Scalability;Software performance;Testing;Visualization}, 
	doi={10.1109/PADS.2008.19}, 
	ISSN={1087-4097},
	Organization = {IEEE}
}

@inproceedings{ComparisonVR-VM,
	Author = {Maier, S. and Grau, A. and Weinschrott, H. and Rothermel, K.},
	Booktitle = {Proceedings of 12th IEEE Symposium on Computers and Communications},
	Doi = {10.1109/ISCC.2007.4381529},
	Issn = {1530-1346},
	Month = {July},
	Pages = {395-402},
	Title = {Scalable Network Emulation: A Comparison of Virtual Routing and Virtual Machines},
	Year = {2007},
	Bdsk-Url-1 = {http://dx.doi.org/10.1109/ISCC.2007.4381529}
}

@inproceedings{RelativisticTime,
	Author = {Bergstrom, C. and Varadarajan, S. and Back, G.},
	Booktitle = {Proceedings of the 20th Workshop on PADS},
	Doi = {10.1109/PADS.2006.34},
	Issn = {1087-4097},
	Keywords = {Controllability;Emulation;Kernel;Large-scale systems;Linux;Protocols;Prototypes;Sockets;TCPIP;Virtual prototyping},
	Pages = {19-28},
	Title = {The Distributed Open Network Emulator: Using Relativistic Time for Distributed Scalable Simulation},
	Year = {2006},
}

@inproceedings{VirtualTimeMachine,
	Author = {Liu, J. and Rangaswami, R. and Ming Zhao},
	Booktitle = {Proceedings of the 2010 Winter Simulation Conference (WSC)},
	Doi = {10.1109/WSC.2010.5679120},
	Issn = {0891-7736},
	Keywords = {computer network performance evaluation;innovation management;large-scale systems;virtual machines;VENICE;commodity environments;experimental platform;holistic machine;large scale network models;model driven network emulation;network virtualization technique;real distributed applications;virtual emulation network infrastructure;virtual time machine;Bandwidth;Computational modeling;Emulation;Load modeling;Real time systems;Resource management;Virtual machining},
	Month = {Dec},
	Pages = {688-696},
	Title = {Model-driven network emulation with virtual time machine},
	Year = {2010},
}

@inproceedings{SVEET,
	Author = {Erazo, M.A. and Yue Li and Liu, J.},
	Booktitle = {Proceedings of the 2009 Testbeds and Research Infrastructures for the Development of Networks Communities and Workshops},
	Doi = {10.1109/TRIDENTCOM.2009.4976227},
	Keywords = {telecommunication congestion control;telecommunication traffic;transport protocols;TCP performance evaluation testbed;diverse network configuration;large-scale network setting;machine virtualization technique;network traffic;real-time immersive simulation;scalable virtualized evaluation environment;time virtualization technique;Emulation;Large-scale systems;Telecommunication traffic;Testing;Web services;Emulation;Machine Virtualization;Network Simulation;TCP Performance;Time Dilation},
	Month = {April},
	Pages = {1-10},
	Title = {SVEET! a scalable virtualized evaluation environment for TCP},
	Year = {2009},
}

@inproceedings{NtwkEmultAdaptVirtTime,
	Author = {Grau, A. and Herrmann, K. and Rothermel, K.},
	Booktitle = {Proceedings of 18th Internatonal Conference on Computer Communications and Networks, 2009.},
	Doi = {10.1109/ICCCN.2009.5235306},
	Issn = {1095-2055},
	Keywords = {computer networks;protocols;resource allocation;adaptive time virtualization;adaptive virtual time;communicating software;communication protocol;constant time dilation factor;distributed software system;node virtualization architecture;resource demand;resource utilization;scalable network emulation system;Adaptive systems;Application software;Emulation;Performance analysis;Protocols;Runtime;Software prototyping;Software systems;Software testing;System testing},
	Month = {Aug},
	Pages = {1-6},
	Title = {Efficient and Scalable Network Emulation Using Adaptive Virtual Time},
	Year = {2009},
}

@article{NETapproach,
	Author = {Grau, Andreas and Herrmann, Klaus and Rothermel, Kurt},
	Doi = {10.4304/jcm.7.1.3-16},
	Issn = {1796-2021},
	Journal = {Journal of Communications},
	Mendeley-Groups = {Simulation/Virtual Time},
	Month = jan,
	Number = {1},
	Pages = {3--16},
	Title = {{Scalable Network Emulation - The NET Approach}},
	Url = {http://ojs.academypublisher.com/index.php/jcm/article/view/5997},
	Volume = {7},
	Year = {2012},
}

@inproceedings{NETbalance,
	Author = {Grau, A. and Herrmann, K. and Rothermel, K.},
	Booktitle = {Proceedings of the 20th International Conference on Computer Communications and Networks, 2011.},
	Doi = {10.1109/ICCCN.2011.6005793},
	Issn = {1095-2055},
	Keywords = {program testing;software performance evaluation;NETbalance;communication protocol;distributed application;emulation architecture;live migration;network emulation testbed;runtime reduction;software under test;virtual node placement;Computer architecture;Emulation;Load modeling;Network topology;Optimization;Runtime;Topology},
	Month = {July},
	Pages = {1-6},
	Title = {NETbalance: Reducing the Runtime of Network Emulation Using Live Migration},
	Year = {2011},
}

@inproceedings{TrafficControl,
	Address = {Raleigh, NC},
	Author = {Almesberger, Werner},
	Booktitle = {Proceedings of 5th Annual Linux Expo},
	Pages = {153--164},
	Title = {{L}inux traffic control: implementation overview},
	Year = {1999}
}

@techreport{ScaleEffDCN,
	Author = {Vahdat, Amin},
	Institution = {UC San Diego},
	Title = {Scale and Efficiency in Data Center Networks},
	Year = {2009}
}

@article{MacroTCPCngAvoidAlg,
	Author = {Mathis, Matthew and Semke, Jeffrey and Mahdavi, Jamshid and Ott, Teunis},
	Journal = {ACM SIGCOMM Computer Communication Review},
	Number = {3},
	Pages = {67--82},
	Publisher = {ACM},
	Title = {The macroscopic behavior of the TCP congestion avoidance algorithm},
	Volume = {27},
	Year = {1997}
}
